@article{stevens,
    title={A statistical property of fly odor responses is conserved across odors},
    author={Stevens, Charles F.},
    journal={Proceedings of the National Academy of Sciences},
    volume={113},
    number={24},
    year={2016}
}

@article{srinivas_elife,
	article_type = {journal},
	title = {Olfactory receptor neurons use gain control and complementary kinetics to encode intermittent odorant stimuli},
	author = {Gorur-Shandilya, Srinivas and Demir, Mahmut and Long, Junjiajia and Clark, Damon A and Emonet, Thierry},
	editor = {Rieke, Fred},
	volume = 6,
	year = 2017,
	month = {jun},
	pub_date = {2017-06-27},
	pages = {e27670},
	citation = {eLife 2017;6:e27670},
	journal = {eLife},
	issn = {2050-084X},
	publisher = {eLife Sciences Publications, Ltd},	
}
	
@article{cafaro_WL,
	volume={4},
	number={4},
	pages={e12762},
	year={2016},
	title={Multiple sites of adaptation lead to contrast encoding in the \emph{Drosophila} olfactory system},
	author={Jon Cafaro},
	journal={Physiological Reports}
}

@article{rospars,
    author={Gu, Y. and Rospars, J.-P.},
    volume={6},
    number={3},
    journal={PLoS One},
    title={Dynamical modeling of the moth pheromone-sensitive olfactory receptor neuron  within its sensillar environment},
    pages={e17422},
    year={2011}
    }
    

@article {cao_WL,
	author = {Cao, Li-Hui and Jing, Bi-Yang and Yang, Dong and Zeng, Xiankun and Shen, Ying and Tu, Yuhai and Luo, Dong-Gen},
	title = {Distinct signaling of \emph{{D}rosophila} chemoreceptors in olfactory sensory neurons},
	volume = {113},
	number = {7},
	pages = {E902--E911},
	year = {2016},
	journal = {Proceedings of the National Academy of Sciences}
}

@article{Cao_Tu_WL,
	author = {Cao, Li-Hui and Yang, Dong and Wu, Wei and Zeng, Xiankun and Jing, Bi-Yang and Li, Meng-Tong and Qin, Shanshan and Tang, Chao and Tu, Yuhai and Luo, Dong-Gen},
	year = {2017}, 
	title = {Odor-evoked inhibition of olfactory sensory neurons drives olfactory perception in \emph{{D}rosophila}},
	journal={Nature Communications},
	pages={1357},
	volume={8},
	number={1}
}

@article{EmonetReview,
author = {Waite, Adam James and Frankel, Nicholas W. and Emonet, Thierry},
title = {Behavioral Variability and Phenotypic Diversity in Bacterial Chemotaxis},
journal = {Annual Review of Biophysics},
volume = {47},
number = {1},
pages = {595-616},
year = {2018},
doi = {10.1146/annurev-biophys-062215-010954},
    note ={PMID: 29618219},

URL = { 
        https://doi.org/10.1146/annurev-biophys-062215-010954
    
},
eprint = { 
        https://doi.org/10.1146/annurev-biophys-062215-010954
    
}
}



@article{geosmin,
title = "A Conserved Dedicated Olfactory Circuit for Detecting Harmful Microbes in Drosophila",
journal = "Cell",
volume = "151",
number = "6",
pages = "1345 - 1357",
year = "2012",
issn = "0092-8674",
doi = "https://doi.org/10.1016/j.cell.2012.09.046",
url = "http://www.sciencedirect.com/science/article/pii/S0092867412013578",
author = "Marcus C. Stensmyr and Hany K.M. Dweck and Abu Farhan and Irene Ibba and Antonia Strutz and Latha Mukunda and Jeanine Linz and Veit Grabe and Kathrin Steck and Sofia Lavista-Llanos and Dieter Wicher and Silke Sachse and Markus Knaden and Paul G. Becher and Yoichi Seki and Bill S. Hansson"
}



@article{vijay_1,
	author={Krishnamurthy, Kamesh and Hermundstad, Ann M.  and Mora, Thierry
	and Walczak, Aleksandra M. and Balasubramanian, Vijay},
	title = {Disorder and the neural representation of complex odors:
	smelling in the real world},
	journal={bioRxiv},
	year={2017},
	volume={doi:10.1101/160382},
	doi={10.1101/160382}
}

@article{vijay_2,
	author={Tesileanu, Tiberiu and Cocco, Simona and Monasson, R\'{e}mi and Balasubramanian, Vijay},
	title={Environmental adaptation of olfactory receptor distributions},
	journal={bioRxiv},
	year={2018},
	volume={doi:10.1101/255547},
	doi={10.1101/255547}
}
	
@article{sharpee_zhang,
	author = {Zhang, Yilun AND Sharpee, Tatyana O.},
	journal = {PLOS Computational Biology},
	title = {A robust feedforward model of the olfactory system},
	year = {2016},
	volume = {12},
	pages = {1-15},
	number = {4}
}

@article {tu_shimizu_berg,
	author = {Tu, Yuhai and Shimizu, Thomas S. and Berg, Howard C.},
	title = {Modeling the chemotactic response of {E}scherichia coli to time-varying stimuli},
	volume = {105},
	number = {39},
	pages = {14855--14860},
	year = {2008},
	eprint = {http://www.pnas.org/content/105/39/14855.full.pdf},
	journal = {Proceedings of the National Academy of Sciences}
}

@incollection{information_theory_adaptation,
	author      = "Ilya Nemenman",
	title       = "Information theory and adaptation",
	editor      = "Michael E. Wall",
	booktitle   = "Quantitative Biology: From Molecular to Cellular Systems",
	publisher   = "CRC Press",
	address     = "USA",
	year        = 2012,
	pages       = "73-91",
	chapter     = 4,
}

@article {adaptation_reichardt,
	author = {Borst, Alexander and Flanagin, Virginia L. and Sompolinsky, Haim},
	title = {Adaptation without parameter change: Dynamic gain control in motion detection},
	volume = {102},
	number = {17},
	pages = {6172--6176},
	year = {2005},
	eprint = {http://www.pnas.org/content/102/17/6172.full.pdf},
	journal = {Proceedings of the National Academy of Sciences}
}


@article{deweese_adaptation,
	author={DeWeese, M. and Zador, A.},
	journal={Neural Computation},
	volume={10},
	pages={1179--1202},
	year={1998},
	title={Asymmetric dynamics in optimal variance adaptation}
}


@article{robustness_alon,
	author={Alon, U. and Surette, M.G. and Barkai N. and Leibler, Stan},
	title={Robustness in bacterial chemotaxis},
	pages={168-171},
	journal={Nature},
	volume={397},
	year={1999}
}

@article{robustness_barkai,
	author={Barkai, N. and Leibler, S.},
	title={Robustness in simple biochemical networks},
	journal={Nature},
	volume={387},
	pages={913--917},
	year={1997}
}

@article{adaptation_fairhall,
	author={Wark, B. and Lundstrom, B. N. and Fairhall, A.},
	title={Sensory adaptation},
	journal={Current Opinion in Neurobiology},
	volume={17},
	number={4},
	pages={423-429},
	year={2007}
}

@article{adaptation_nagel,
	title = "Temporal Processing and Adaptation in the Songbird Auditory Forebrain",
	journal = "Neuron",
	volume = "51",
	number = "6",
	pages = "845 - 859",
	year = "2006",
	issn = "0896-6273",
	author = "Katherine I. Nagel and Allison J. Doupe",
	keywords = "SYSNEURO"
}

@article{laughlin,
	author={Laughlin, S. B.},
	title={A simple coding procedure enhances a neuron's information capacity},
	journal={Zeitschrift f{\"u}r Naturforschung C},
	volume={36},
	number={9-10},
	pages={910-912},
	year={1981}
}

@article{CS_ganguli,
	author = {Surya Ganguli and Haim Sompolinsky},
	title = {Compressed Sensing, Sparsity, and Dimensionality in Neuronal Information Processing and Data Analysis},
	journal = {Annual Review of Neuroscience},
	volume = {35},
	number = {1},
	pages = {485-508},
	year = {2012}
}

@article{CS_donoho,
	author={David Donoho},
	title={Compressed sensing},
	journal={IEEE Transactions on Information Theory},
	volume={52},
	number={4},
	pages={1289--1306},
	year={2006}
}


@article{CS_tao,
	author={Candes, Emmanuel and Romberg, Justin and Tao, Terence},
	title={Stable Signal Recovery from Incomplete and Inaccurate Measurements},
    journal = {Communications on Pure and Applied Mathematics},
    volume = {59},
    number = {8},
    pages = {1207-1223},
    year={2006}
}

@article{olfactory_sensory_map,
	title = "An Olfactory Sensory Map in the Fly Brain",
	journal = "Cell",
	volume = "102",
	number = "2",
	pages = "147 - 159",
	year = "2000",
	issn = "0092-8674",
	author = "Leslie B Vosshall and Allan M Wong and Richard Axel"
}

@article {trillion_odors,
	author = {Bushdid, C. and Magnasco, M. O. and Vosshall, L. B. and Keller, A.},
	title = {Humans Can Discriminate More than 1 Trillion Olfactory Stimuli},
	volume = {343},
	number = {6177},
	pages = {1370--1372},
	year = {2014},
	journal = {Science}
	}

@article{bees_odors,
	author = {Laska, Matthias and Galizia, C. Giovanni and Giurfa, Martin and Menzel, Randolf},
	title = {Olfactory Discrimination Ability and Odor Structure–Activity Relationships in
	Honeybees},
	journal = {Chemical Senses},
	volume = {24},
	number = {4},
	pages = {429-438},
	year = {1999}
}

@article {mosquito_combinatorial_coding,
	author = {Wang, Guirong and Carey, Allison F. and Carlson, John R. and Zwiebel, Laurence J.},
	title = {Molecular basis of odor coding in the malaria vector mosquito Anopheles gambiae},
	volume = {107},
	number = {9},
	pages = {4418--4423},
	year = {2010},
	issn = {0027-8424},
	journal = {Proceedings of the National Academy of Sciences}
}

@article{Or_ORNs_maps,
	title={Molecular, anatomical, and functional organization of the Drosophila olfactory system},
	author={Couto, Africa and Alenius, Mattias and Dickson, Barry J.},
	journal={Current Biology},
	volume={15},
	number={17},
	year={2005}
}

@article{murlis_odor_plumes,
	title={Odor plumes and how insects use them},
	author={John Murlis},
	journal={Annual Review of Entymology},
	volume={37},
	pages={505-532},
	year={1992}
}


@article{odor_backgrounds,
	title = "Olfactory signal coding in an odor background",
	author = "Renou, M. and Party,  V. and Rouyar, A. and Anton, S.",
	journal = "Biosystems",
	volume = "136",
	pages = "35 - 45",
	year = "2015"
}

@Article{carde_navigation,
	author="Card{\'e}, Ring T.
	and Willis, Mark A.",
	title="Navigational Strategies Used by Insects to Find Distant, Wind-Borne Sources of Odor",
	journal="Journal of Chemical Ecology",
	year="2008",
	month="Jul",
	day="01",
	volume="34",
	number="7",
	pages="854--866",
}

@article{fluid_dynamics_chemosensory,
	author = {Weissburg, MJ},
	title = {The fluid dynamical context of chemosensory behavior},
	journal = {The Biological Bulletin},
	volume = {198},
	number = {2},
	pages = {188-202},
	year = {2000},
	note ={PMID: 10786940},
}


@article{Orco,
	title = "Or83b Encodes a Broadly Expressed Odorant Receptor Essential for Drosophila Olfaction",
	journal = "Neuron",
	volume = "43",
	number = "5",
	pages = "703 - 714",
	year = "2004",
	issn = "0896-6273",
	author = "Mattias C. Larsson and Ana I. Domingos and Walton D. Jones and M.Eugenia Chiappe and Hubert Amrein and Leslie B. Vosshall"
}

@article{or_discovery_carlson,
title = "A Novel Family of Divergent Seven-Transmembrane Proteins: Candidate Odorant Receptors in Drosophila",
journal = "Neuron",
volume = "22",
number = "2",
pages = "327 - 338",
year = "1999",
issn = "0896-6273",
doi = "https://doi.org/10.1016/S0896-6273(00)81093-4",
url = "http://www.sciencedirect.com/science/article/pii/S0896627300810934",
author = "Peter J. Clyne and Coral G. Warr and Marc R. Freeman and Derek Lessing and Junhyong Kim and John R. Carlson"
}

@article{or_discovery_vosshall,
title = "A Spatial Map of Olfactory Receptor Expression in the Drosophila Antenna",
journal = "Cell",
volume = "96",
number = "5",
pages = "725 - 736",
year = "1999",
issn = "0092-8674",
doi = "https://doi.org/10.1016/S0092-8674(00)80582-6",
url = "http://www.sciencedirect.com/science/article/pii/S0092867400805826",
author = "Leslie B Vosshall and Hubert Amrein and Pavel S Morozov and Andrey Rzhetsky and Richard Axel"
}
@article{olfactory_map_chiang,
	title={A Map of Olfactory Representation in the \emph{Drosophila} Mushroom Body},
	author = {Lin, Hui-Hao and Lai, Jason Sih-Yu and Chin, An-Lun and Chen, Yung-Chang and Chiang, Ann-Shyn},
	journal={Cell},
	pages={1205-1217},
	volume={128}, 
	number={6},
	year={2007}
}	

@article{lateral_inh_asahina,
	author={Asahina, K. and Louis, M. and Piccinotti, S. and Vosshall, L.},
	title={A circuit supporting concentration-invariant odor perception in \textit{Drosophila}},
	journal={Journal of Biology},
	volume={8},
	number={1},
	pages={9},
	year={2009}
}

@article{divisive_normalization,
	title={Divisive normalization in olfactory population codes},
	author={Olsen, Shawn R. and Bhandawat Vikas and Wilson, Rachel I.},
	journal={Neuron},
	volume={66},
	pages={287--299},
	year={2010}
}

@article{hallem_carlson,
	title={Coding of odors by a receptor repertoire},
	author={Hallem, Elissa and Carlson, John},
	journal={Cell},
	volume={125},
	number={1},
	pages={143-160},
	year={2006}
}

@article{mushroom_body_review,
	author = {Heisenberg, Martin},
	title = {Mushroom body memoir: from maps to models},
	journal = {Nature Reviews Neuroscience},
	year = {2003},
	volume={4},
	pages={266--275}
}

@article{nagel_wilson_biophysical,
	author={Nagel, KI and Wilson, RI},
    title={Biophysical mechanisms underlying olfactory receptor neuron dynamics},
    journal={Nature Neuroscience},
    volume={14},
    pages={208–216},
    year={2011}
}

@article{abbott_axel,
	title={Random convergence of olfactory inputs in the \textit{Drosophila} mushroom body},
	journal={Nature},
	year={2013},
	author = {Caron, S.J.C. and Ruta, Vanessa and Abbott, L.F. and Axel, Richard},
	volume={497},
	number={4774},
	pages={113-117}
	}

@article{orco_structure,
	title={Cryo-EM structure of the insect olfactory receptor Orco},
	author={Butterwick, J. A. and del M{\'a}rmol, J. and Kim, K. H. and Kahlson, M. A. and Rogow, J. A. and walz, T. and Ruta, V.},
	journal={Nature},
	volume={560},
	pages={447-452},
	year={2018}
}

@article{early_olfactory_processing,
	title={Early olfactory processing in \emph{{D}rosophila}: mechanisms and principles},
	journal={Annual Review of Neuroscience},
	author={Rachel I. Wilson},
	year={2013},
	volume={36},
	number={1},
	pages={217-241}
}

@ARTICLE{giant_inhibitory_neuron,
	author={Papadopoulou, M. and Cassenaer, S. and Nowotny, T. and Laurent, G.},
	title={Normalization for sparse encoding of odors by a wide-field interneuron},
	journal={Science},
	year={2011},
	volume={332},
	number={6030},
	pages={721-725},
}


@article{martelli,
	title={Intensity invariant dynamics and odor-specific latencies in olfactory receptor neuron response},
	author={Martelli, Carlotta and Carlson, John R. and Emonet, Thierry},
	journal = {Journal of Neuroscience},
	volume={33},
	number={15},
	pages={6285--6297},
	year={2013}
}

@article{chih-ying,
	title={Temporal coding of odor mixtures in an olfactory receptor neuron},
	author={Su, Chih-Ying and Martelli, Carlotta and Emonet, Thierry and Carlson, John R.},
	journal={Proceedings of the National Academy of Sciences},
	volume={108},
	number={12},
	pages={5075--5080},
	year={2011}
}

@article{ephactic,
    journal={Nature},
    title={Non-synaptic inhibition between grouped neurons in an olfactory circuit},
    author={Su, C.-Y. and Menuz, K. and Reisert, J. and Carlson, J.},
    volume={492},
    number={7427},
    pages={76-71},
    year={2012}
    }
    
    }

@article{intensity_vs_identity,
	title={Intensity versus identity coding in an olfactory system},
	author={Stopfer, Mark and Jayaraman, Vivek and Laurent, Gilles},
	journal={Neuron},
	volume={39},
	number={6},
	pages={991--1004},
	year={2003}
}

@article{segregation_intensity_identity,
	title={Segregation of odor identity and intensity during odor discrimination in \textit{{D}rosophila} mushroom body},
	author={Xia, Shouzhen and Tully, Tim},
	journal={PLoS Biology},
	volume={5},
	number={10},
	year={2007},
	pages={2398-2407}
}

@article{Guo_Smith,
	title={Odorant receptor sensitivity modulation in \textit{{D}rosophila}},
	author={Guo, Hao and Kunwar, Kishore and Smith, Dean},
	journal={The Journal of Neuroscience},
	volume={37},
	number={39},
	year={2017},
	pages={9465--9473}
}
@article{Guo_Smith_review,
	title={Odorant receptor desensitization in insects},
	author={Guo, Hao and Smith, Dean P.},
	journal={Journal of Experimental Neuroscience},
	volume={11},
	pages={1--5},
	year={2017}
}

@article{celani,
	title = {Odor Landscapes in Turbulent Environments},
	author = {Celani, Antonio and Villermaux, Emmanuel and Vergassola, Massimo},
	journal = {Phys. Rev. X},
	volume = {4},
	issue = {4},
	pages = {041015},
	numpages = {17},
	year = {2014},
	month = {Oct},
}

@article{ESA,
	author={Lan, G. and Sartori, P. and Neumann, S. and Sourjik, V. and Tu, Y.},
	title={The energy-speed-accuracy tradeoff in sensory adaptation},
	journal={Nature physics},
	year={2012},
	volume={8},
	number={5},
	pages={422-428}
}

@article{memory_review,
	title={\textit{Drosophila} olfactory memory: single genes to complex neural circuits},
	author={Keene, Alex C. and Waddell, Scott},
	journal={Nature Reviews Neuroscience},
	volume={8},
	pages={341-354},
	year={2007}
}
	


@article{lateral_inh,
	author={Olsen, Shawn R. and Wilson, Rachel I.},
	title={Lateral presynaptic inhibition mediates gain control in an olfactory circuit},
	journal={Nature},
	volume={452},
	pages={952-960},
	year={2008}
}
	
	

@article{neural_coding_perceived_rinberg,
	author={Sirotin, Yevgeniy, B. and Shusterman, Roman and Rinberg, Dmitry},
	title={Neural coding of perceived odor intensity},
	journal={eNeuro},
	volume={2},
	number={6},
	year={2015},
	pages={eNeuro.0083--15}
}

@article{primacy_coding,
	author={Wilson, Christopher D. and Serrano, Gabriela O. and Koulakov, Alexei A. and Rinberg, Dmitry},
	title={A primacy code for odor identity},
	journal={Nature Communications},
	volume={8},
	number={1},
	pages={1477},
	year={2017}
}

@article {primacy_math,
	author = {Giaffar, Hamza and Rinberg, Dmitry and Koulakov, Alexei A.},
	title = {Primacy model and the evolution of the olfactory receptor repertoire},
	journal={biorxiv},
	year = {2018},
	doi = {10.1101/255661}
}

@INPROCEEDINGS{chlovskii_pevlavan,
	author={C. Pehlevan and A. Genkin and D. B. Chklovskii}, 
	booktitle={2017 51st Asilomar Conference on Signals, Systems, and Computers}, 
	title={A clustering neural network model of insect olfaction}, 
	year={2017}, 
	volume={}, 
	number={}, 
	pages={593-600}
}

@Article{tsne,
	title = {Visualizing High-Dimensional Data Using t-SNE},
	volume = {9},
	pages = {2579-2605},
	year = {2008},
	author = {L.J.P. {van der Maaten} and G.E. Hinton},
	journal = {Journal of Machine Learning Research},
}

@article{information_inh_neurons,
	title={An information theoretic model of information processing in the \textit{{D}rosophila} olfactory system: the role of inhibitory neurons for system efficiency},
	author={Faghihi, Faramarz and Kolodziejski, Christoph and  Fiala, Andre and Worgotter, Florentin and Tetzlaff, Christian},
	journal={Frontiers in Computational Neuroscience},
	volume={7},
	pages={183},
	year={2013}
}

@article{local_interneurons_stopfer,
	title={Excitatory local interneurons enhance tuning of sensory
	information},
	author={Assisi, Collins and Stopfer, Mark and Bazhenov, Maxim},
	journal={PloS Computational Biology},
	volume={8},
	number={7},
	year={2012},
	pages={e1002563}
}

@article{chemoreceptors_review,
title = "Drosophila Chemoreceptors: A Molecular Interface Between the Chemical World and the Brain",
journal = "Trends in Genetics",
volume = "31",
number = "12",
pages = "683 - 695",
year = "2015",
issn = "0168-9525",
doi = "https://doi.org/10.1016/j.tig.2015.09.005",
url = "http://www.sciencedirect.com/science/article/pii/S0168952515001651",
author = "Ryan M. Joseph and John R. Carlson",
keywords = "odor receptor, gustatory receptor, ionotropic glutamate receptor, olfactory receptor neuron, olfaction, taste"
}

@article {stopfer_temporal_model,
	author = {Raman, Baranidharan and Joseph, Joby and Tang, Jeff and Stopfer, Mark},
	title = {Temporally Diverse Firing Patterns in Olfactory Receptor Neurons Underlie Spatiotemporal Neural Codes for Odors},
	volume = {30},
	number = {6},
	pages = {1994--2006},
	year = {2010},
	journal = {Journal of Neuroscience}
}

@article{stopfer_nat_neuro,
	author={Brown, Stacy L. and Joseph, J. and Stopfer, M.},
	title={Encoding a temporally structured stimulus with a temporally structured neural representation},
	journal={Nature Neuroscience},
	volume={8},
	pages={1568-1576},
	year={2005}
}


@article{multiple_timescales_stopfer,
	title={Insect olfactory coding and memory at multiple timescales},
	author={Gupta, Nitin and Stopfer, Mark},
	journal={Current Opinion in Neurobiology},
	volume={21},
	pages={768--773},
	year={2011}
}

@article{stopfer_temporal_channel,
	author={Gupta, N. and Stopfer, M.},
	title={A temporal channel for information in sparse sensory coding},
	pages={2247-2256},
	journal={Neuron},
	year={2014}
}

article{coding_by_concentration,
	title={Odor Concentration Invariance by Chemical Ratio Coding},
	author={Uchida, Naoshige, & Mainen, Zachary F.},
	year={2007},
	journal={Frontiers in Systems Neuroscience},
	volume={1},
	pages={3}
}

@article{olfactory_coding_latency,
	title = "Olfactory Coding with Patterns of Response Latencies",
	journal = "Neuron",
	volume = "67",
	number = "5",
	pages = "872 - 884",
	year = "2010",
	issn = "0896-6273",
	author = "Stephan Junek and Eugen Kludt and Fred Wolf and Detlev Schild"
}

@article{debryune_odor_coding,
	title = "Odor Coding in the Drosophila Antenna",
	journal = "Neuron",
	volume = "30",
	number = "2",
	pages = "537 - 552",
	year = "2001",
	issn = "0896-6273",
	author = "Marien de Bruyne and Kara Foster and John R. Carlson"
}

@article{litwinkumar,
	title = "Optimal Degrees of Synaptic Connectivity",
	journal = "Neuron",
	volume = "93",
	number = "5",
	pages = "1153 - 1164.e7",
	year = "2017",
	issn = "0896-6273",
	author = "Ashok Litwin-Kumar and Kameron Decker Harris and Richard Axel and Haim Sompolinsky and L.F. Abbott"
}

@article{neural_network_temporal_coding,
	author={Sanders, H. and Kolterman, Brian E. and Shusterman, Roman and Rinberg, Dmitry and Koulakov, Alexei and Lisman, John},
	title={A network that performs brute-force conversion of a temporal sequence to a spatial pattern: relevance to odor recognition},
	journal={Frontiers in Computational Neuroscience},
	volume={8},
	pages={108},
	year={2014}
}

@article{odor_coding_rate_verhagen,
	author={Wesson, D. W. and Carey, R. M. and Verhagen, J. V. and Wachowiak, M.},
	title={Rapid encoding and perception of novel odors in the rat}, 
	journal={PLoS Biology},
	volume={6}, 
	pages={e82},
	year={2008}
}

@article{dweck,
	title={Olfactory coding from the periphery to higher brain centers in the Drosophila brain},
	author={Seki, Yoichi and Dweck, Hany K.M. and Rybak, J. and Wicher, Dieter and Sachse, Silke and Hansson, Bill S.},
	journal={BMC Biology},
	volume={15},
	pages={56},
	year={2017}
}

@article{mammalian_olfaction,
	title = "Evolution of Insect Olfaction",
	journal = "Neuron",
	volume = "72",
	number = "5",
	pages = "698 - 711",
	year = "2011",
	issn = "0896-6273",
	author = "Bill S. Hansson and Marcus C. Stensmyr"
}

@article{evolution_insect_olfaction,
	author={Andersson, Martin N. and Löfstedt, Christer and Newcomb, Richard D.},   
	title={Insect olfaction and the evolution of receptor tuning},      
	journal={Frontiers in Ecology and Evolution},      
	volume={3},      
	pages={53},     
	year={2015}
}
@article{friedrich1997combinatorial,
  title={Combinatorial and chemotopic odorant coding in the zebrafish olfactory bulb visualized by optical imaging},
  author={Friedrich, Rainer W and Korsching, Sigrun I},
  journal={Neuron},
  volume={18},
  number={5},
  pages={737--752},
  year={1997},
  publisher={Elsevier}
}
@article{junek2010olfactory,
  title={Olfactory coding with patterns of response latencies},
  author={Junek, Stephan and Kludt, Eugen and Wolf, Fred and Schild, Detlev},
  journal={Neuron},
  volume={67},
  number={5},
  pages={872--884},
  year={2010},
  publisher={Elsevier}
}
@article{smear2011perception,
  title={Perception of sniff phase in mouse olfaction},
  author={Smear, Matthew and Shusterman, Roman and O’Connor, Rodney and Bozza, Thomas and Rinberg, Dmitry},
  journal={Nature},
  volume={479},
  number={7373},
  pages={397},
  year={2011},
  publisher={Nature Publishing Group}
}
@article{malnic1999combinatorial,
  title={Combinatorial receptor codes for odors},
  author={Malnic, Bettina and Hirono, Junzo and Sato, Takaaki and Buck, Linda B},
  journal={Cell},
  volume={96},
  number={5},
  pages={713--723},
  year={1999},
  publisher={Elsevier}
}
@article{laurent2001odor,
  title={Odor encoding as an active, dynamical process: experiments, computation, and theory},
  author={Laurent, Gilles and Stopfer, Mark and Friedrich, Rainer W and Rabinovich, Misha I and Volkovskii, Alexander and Abarbanel, Henry DI},
  journal={Annual review of neuroscience},
  volume={24},
  number={1},
  pages={263--297},
  year={2001},
  publisher={Annual Reviews 4139 El Camino Way, PO Box 10139, Palo Alto, CA 94303-0139, USA}
}
@article{kajiya2001molecular,
  title={Molecular bases of odor discrimination: reconstitution of olfactory receptors that recognize overlapping sets of odorants},
  author={Kajiya, Kentaro and Inaki, Koichiro and Tanaka, Motonari and Haga, Tatsuya and Kataoka, Hiroshi and Touhara, Kazushige},
  journal={Journal of Neuroscience},
  volume={21},
  number={16},
  pages={6018--6025},
  year={2001},
  publisher={Soc Neuroscience}
}
@article{kreher2005molecular,
  title={The molecular basis of odor coding in the Drosophila larva},
  author={Kreher, Scott A and Kwon, Jae Young and Carlson, John R},
  journal={Neuron},
  volume={46},
  number={3},
  pages={445--456},
  year={2005},
  publisher={Elsevier}
}
@article{nara2011large,
  title={A large-scale analysis of odor coding in the olfactory epithelium},
  author={Nara, Kiyomitsu and Saraiva, Luis R and Ye, Xiaolan and Buck, Linda B},
  journal={Journal of Neuroscience},
  volume={31},
  number={25},
  pages={9179--9191},
  year={2011},
  publisher={Soc Neuroscience}
}
@article{wang2003two,
  title={Two-photon calcium imaging reveals an odor-evoked map of activity in the fly brain},
  author={Wang, Jing W and Wong, Allan M and Flores, Jorge and Vosshall, Leslie B and Axel, Richard},
  journal={Cell},
  volume={112},
  number={2},
  pages={271--282},
  year={2003},
  publisher={Elsevier}
}
@article{buck1991novel,
  title={A novel multigene family may encode odorant receptors: a molecular basis for odor recognition},
  author={Buck, Linda and Axel, Richard},
  journal={Cell},
  volume={65},
  number={1},
  pages={175--187},
  year={1991},
  publisher={Elsevier}
}
@book{weber1996eh,
  title={EH Weber on the tactile senses},
  author={Weber, Ernst Heinrich},
  year={1996},
  publisher={Psychology Press}
}
@book{fechner2012elemente,
  title={Elemente der psychophysik},
  author={Fechner, Gustav Theodor},
  year={1860},
  publisher={Breitkopf und H{\"a}rtel}
}
@article{hildebrand1997mechanisms,
  title={Mechanisms of olfactory discrimination: converging evidence for common principles across phyla},
  author={Hildebrand, John G and Shepherd, Gordon M},
  journal={Annual review of neuroscience},
  volume={20},
  number={1},
  pages={595--631},
  year={1997},
  publisher={Annual Reviews 4139 El Camino Way, PO Box 10139, Palo Alto, CA 94303-0139, USA}
}
@article{christensen1996olfactory,
  title={Olfactory information processing in the brain: encoding chemical and temporal features of odors},
  author={Christensen, Thomas A and Heinbockel, Thomas and Hildebrand, John G},
  journal={Journal of neurobiology},
  volume={30},
  number={1},
  pages={82--91},
  year={1996},
  publisher={[New York] Wiley-Interscience, 1969-2006.}
}
@article{laurent1999systems,
  title={A systems perspective on early olfactory coding},
  author={Laurent, Gilles},
  journal={Science},
  volume={286},
  number={5440},
  pages={723--728},
  year={1999},
  publisher={American Association for the Advancement of Science}
}
@article{si2017invariances,
  title={Invariances in a combinatorial olfactory receptor code},
  author={Si, Guangwei and Kanwal, Jessleen K and Hu, Yu and Tabone, Christopher J and Baron, Jacob and Berck, Matthew E and Vignoud, Gaetan and Samuel, Aravinthan DT},
  journal={bioRxiv},
  pages={208538},
  year={2017},
  publisher={Cold Spring Harbor Laboratory}
}
@article{getahun2013insect,
  title={Insect odorant response sensitivity is tuned by metabotropically autoregulated olfactory receptors},
  author={Getahun, Merid N and Olsson, Shannon B and Lavista-Llanos, Sofia and Hansson, Bill S and Wicher, Dieter},
  journal={PLoS One},
  volume={8},
  number={3},
  pages={e58889},
  year={2013},
  publisher={Public Library of Science}
}
@article{getahun2016intracellular,
  title={Intracellular regulation of the insect chemoreceptor complex impacts odour localization in flying insects},
  author={Getahun, Merid N and Thoma, Michael and Lavista-Llanos, Sofia and Keesey, Ian and Fandino, Richard A and Knaden, Markus and Wicher, Dieter and Olsson, Shannon B and Hansson, Bill S},
  journal={Journal of Experimental Biology},
  volume={219},
  number={21},
  pages={3428--3438},
  year={2016},
  publisher={The Company of Biologists Ltd}
}
@article{montague2011similar,
  title={Similar odorants elicit different behavioral and physiological responses, some supersustained},
  author={Montague, Shelby A and Mathew, Dennis and Carlson, John R},
  journal={Journal of Neuroscience},
  volume={31},
  number={21},
  pages={7891--7899},
  year={2011},
  publisher={Soc Neuroscience}
}
@article{reddy2017antagonism,
  title={Antagonism in olfactory receptor neurons and its implications for the perception of odor mixtures},
  author={Reddy, Gautam and Zak, Joseph and Vergassola, Massimo and Murthy, Venkatesh N},
  journal={bioRxiv},
  pages={204354},
  year={2017},
  publisher={Cold Spring Harbor Laboratory}
}

@article{vogt1981pheromone,
  title={Pheromone binding and inactivation by moth antennae},
  author={Vogt, Richard G and Riddiford, Lynn M},
  journal={Nature},
  volume={293},
  number={5828},
  pages={161},
  year={1981},
  publisher={Nature Publishing Group}
}

@article{menuz2014rna,
  title={An RNA-seq screen of the Drosophila antenna identifies a transporter necessary for ammonia detection},
  author={Menuz, Karen and Larter, Nikki K and Park, Joori and Carlson, John R},
  journal={PLoS Genetics},
  volume={10},
  number={11},
  pages={e1004810},
  year={2014},
  publisher={Public Library of Science}
}
