@article{srinivas_elife,
	article_type = {journal},
	title = {Olfactory receptor neurons use gain control and complementary kinetics to encode intermittent odorant stimuli},
	author = {Gorur-Shandilya, Srinivas and Demir, Mahmut and Long, Junjiajia and Clark, Damon A and Emonet, Thierry},
	editor = {Rieke, Fred},
	volume = 6,
	year = 2017,
	month = {jun},
	pub_date = {2017-06-27},
	pages = {e27670},
	citation = {eLife 2017;6:e27670},
	doi = {10.7554/eLife.27670},
	url = {https://doi.org/10.7554/eLife.27670},
	journal = {eLife},
	issn = {2050-084X},
	publisher = {eLife Sciences Publications, Ltd},	
}
	
@article{cafaro_WL,
	volume={4},
	number={4},
	pages={e12762},
	year={2016},
	title={Multiple sites of adaptation lead to contrast encoding in the \emph{Drosophila} olfactory system},
	author={Jon Cafaro},
	journal={Physiological Reports},
	doi={10.14814/phy2.12762}
}

@article {cao_WL,
	author = {Cao, Li-Hui and Jing, Bi-Yang and Yang, Dong and Zeng, Xiankun and Shen, Ying and Tu, Yuhai and Luo, Dong-Gen},
	title = {Distinct signaling of \emph{{D}rosophila} chemoreceptors in olfactory sensory neurons},
	volume = {113},
	number = {7},
	pages = {E902--E911},
	year = {2016},
	doi = {10.1073/pnas.1518329113},
	publisher = {National Academy of Sciences},
	URL = {http://www.pnas.org/content/113/7/E902},
	eprint = {http://www.pnas.org/content/113/7/E902.full.pdf},
	journal = {Proceedings of the National Academy of Sciences}
}

@article{Cao_Tu_WL,
	author = {Cao, Li-Hui and Yang, Dong and Wu, Wei and Zeng, Xiankun and Jing, Bi-Yang and Li, Meng-Tong and Qin, Shanshan and Tang, Chao and Tu, Yuhai and Luo, Dong-Gen},
	year = {2017}, 
	title = {Odor-evoked inhibition of olfactory sensory neurons drives olfactory perception in \emph{{D}rosophila}},
	journal={Nature Communications},
	pages={1357},
	volume={8},
	number={1},
	doi={10.1038/s41467-017-01185-0}
}


@article{vijay_1,
	author={Krishnamurthy, Kamesh and Hermundstad, Ann M.  and Mora, Thierry
	and Walczak, Aleksandra M. and Balasubramanian, Vijay},
	title = {Disorder and the neural representation of complex odors:
	smelling in the real world},
	journal={bioRxiv},
	year={2017},
	volume={doi:10.1101/160382},
	doi={10.1101/160382}
}

@article{vijay_2,
	author={Tesileanu, Tiberiu and Cocco, Simona and Monasson, R\'{e}mi and Balasubramanian, Vijay},
	title={Environmental adaptation of olfactory receptor distributions},
	journal={bioRxiv},
	year={2018},
	volume={doi:10.1101/255547},
	doi={10.1101/255547}
}
	
@article{sharpee_zhang,
	author = {Zhang, Yilun AND Sharpee, Tatyana O.},
	journal = {PLOS Computational Biology},
	title = {A robust feedforward model of the olfactory system},
	year = {2016},
	volume = {12},
	pages = {1-15},
	number = {4},
	doi = {10.1371/journal.pcbi.1004850}
}

@article {tu_shimizu_berg,
	author = {Tu, Yuhai and Shimizu, Thomas S. and Berg, Howard C.},
	title = {Modeling the chemotactic response of {E}scherichia coli to time-varying stimuli},
	volume = {105},
	number = {39},
	pages = {14855--14860},
	year = {2008},
	doi = {10.1073/pnas.0807569105},
	publisher = {National Academy of Sciences},
	URL = {http://www.pnas.org/content/105/39/14855},
	eprint = {http://www.pnas.org/content/105/39/14855.full.pdf},
	journal = {Proceedings of the National Academy of Sciences}
}

@article{information_theory_adaptation,
	author={Nemenman, Ilya},
	title = {Information theory and adaptation},
	journal={arXiv},
	year={2010},
	volume={doi:[q-Bio]1011.5466}
}

@article{robustness_alon,
	author={Alon, U. and Surette, M.G., and Barkai N. and Leibler, Stan},
	title={Robustness in bacterial chemotaxis},
	pages={168-171},
	journal={Nature},
	volume={397},
	year={1999}
}

@article{CS_ganguli,
	author = {Surya Ganguli and Haim Sompolinsky},
	title = {Compressed Sensing, Sparsity, and Dimensionality in Neuronal Information Processing and Data Analysis},
	journal = {Annual Review of Neuroscience},
	volume = {35},
	number = {1},
	pages = {485-508},
	year = {2012},
	doi = {10.1146/annurev-neuro-062111-150410},
}

@article{CS_donoho,
	author={David Donoho},
	title={Compressed sensing},
	journal={IEEE Transactions on Information Theory},
	volume={52},
	number={4},
	pages={1289--1306},
	year={2006}
}

@article{CS_tao,
	author={Candes, Emmanuel and Romberg, Justin and Tao, Terence},
	title={Robust uncertainy principles: {E}xact signal reconstruction from highly incomplete frequency information},
	journal={IEEE Transactions on Information Theory},
	year={2006},
	pages={489--509},
	volume={52},
	number={2}
}

@article {trillion_odors,
	author = {Bushdid, C. and Magnasco, M. O. and Vosshall, L. B. and Keller, A.},
	title = {Humans Can Discriminate More than 1 Trillion Olfactory Stimuli},
	volume = {343},
	number = {6177},
	pages = {1370--1372},
	year = {2014},
	doi = {10.1126/science.1249168},
	journal = {Science}
	}

@article{bees_odors,
	author = {Laska, Matthias and Galizia, C. Giovanni and Giurfa, Martin and Menzel, Randolf},
	title = {Olfactory Discrimination Ability and Odor Structureâ€“Activity Relationships in
	Honeybees},
	journal = {Chemical Senses},
	volume = {24},
	number = {4},
	pages = {429-438},
	year = {1999},
	doi = {10.1093/chemse/24.4.429},
}

@article{Orco,
	title = "Or83b Encodes a Broadly Expressed Odorant Receptor Essential for Drosophila Olfaction",
	journal = "Neuron",
	volume = "43",
	number = "5",
	pages = "703 - 714",
	year = "2004",
	issn = "0896-6273",
	doi = "https://doi.org/10.1016/j.neuron.2004.08.019",
	url = "http://www.sciencedirect.com/science/article/pii/S0896627304005264",
	author = "Mattias C. Larsson and Ana I. Domingos and Walton D. Jones and M.Eugenia Chiappe and Hubert Amrein and Leslie B. Vosshall"
}

@article{olfactory_map_chiang,
	title={A Map of Olfactory Representation in the \emph{Drosophila} Mushroom Body},
	author = {Lin, Hui-Hao and Lai, Jason Sih-Yu and Chin, An-Lun and Chen, Yung-Chang and Chiang, Ann-Shyn},
	doi={10.1016/j.cell.2007.03.006},
	journal={Cell},
	pages={1205-1217},
	volume={128}, 
	number={6},
	year={2007}
}	

@article{divisive_normalization,
	title={Divisive normalization in olfactory population codes},
	author={Olsen, Shawn R. and Bhandawat Vikas and Wilson, Rachel I.},
	journal={Neuron},
	volume={66},
	pages={287--299},
	year={2010}
}

@article{hallem_carlson,
	title={Coding of odors by a receptor repertoire},
	author={Hallem, Elissa and Carlson, John},
	journal={Cell},
	volume={125},
	number={1},
	pages={143-160},
	doi={10.1016/j.cell.2006.01.050},
	year={2006}
}
@article{mushroom_body_review,
	author = {Heisenberg, Martin},
	title = {Mushroom body memoir: from maps to models},
	journal = {Nature Reviews Neuroscience},
	year = {2003},
	volume={4},
	pages={266--275}
}

@article{abbott_axel,
	title={Random convergence of olfactory inputs in the \textit{Drosophila} mushroom body},
	journal={Nature},
	year={2013},
	author = {Caron, S.J.C. and Ruta, Vanessa and Abbott, L.F. and Axel, Richard},
	volume={497},
	number={4774},
	pages={113-117}
	}

@article{early_olfactory_processing,
	title={Early olfactory processing in \emph{{D}rosophila}: mechanisms and principles},
	journal={Annual Review of Neuroscience},
	author={Rachel I. Wilson},
	year={2013},
	volume={36},
	number={1},
	pages={217-241}
}

@article{martelli,
	title={Intensity invariant dynamics and odor-specific latencies in olfactory receptor neuron response},
	author={Martelli, Carlotta and Carlson, John R. and Emonet, Thierry},
	journal = {Journal of Neuroscience},
	volume={33},
	number={15},
	pages={6285--6297},
	year={2013}
}

@article{chih-ying,
	title={Temporal coding of odor mixtures in an olfactory receptor neuron},
	author={Su, Chih-Ying and Martelli, Carlotta and Emonet, Thierry and Carlson, John R.},
	journal={Proceedings of the National Academy of Sciences},
	volume={108},
	number={12},
	pages={5075--5080},
	year={2011}
}

@article{intensity_vs_identity,
	title={Intensity versus identity coding in an olfactory system},
	author={Stopfer, Mark and Jayaraman, Vivek and Laurent, Gilles},
	journal={Neuron},
	volume={39},
	number={6},
	pages={991--1004},
	year={2003}
}

@article{segregation_intensity_identity,
	title={Segregation of odor identity and intensity during odor discrimination in \textit{{D}rosophila} mushroom body},
	author={Xia, Shouzhen and Tully, Tim},
	journal={PLoS Biology},
	volume={5},
	number={10},
	year={2007},
	pages={2398-2407}
}

@article{Guo_Smith,
	title={Odorant receptor sensitivity modulation in \textit{{D}rosophila}},
	author={Guo, Hao and Kunwar, Kishore and Smith, Dean},
	journal={The Journal of Neuroscience},
	volume={37},
	number={39},
	year={2017},
	pages={9465--9473}
}

@article{Guo_Smith_review,
	title={Odorant receptor desensitization in insects},
	author={Guo, Hao and Smith, Dean P.},
	journal={Journal of Experimental Neuroscience},
	volume={11},
	pages={1--5},
	year={2017}
}

@article{celani,
	title = {Odor Landscapes in Turbulent Environments},
	author = {Celani, Antonio and Villermaux, Emmanuel and Vergassola, Massimo},
	journal = {Phys. Rev. X},
	volume = {4},
	issue = {4},
	pages = {041015},
	numpages = {17},
	year = {2014},
	month = {Oct},
	doi = {10.1103/PhysRevX.4.041015},
}

@article{ESA,
	author={Lan G. and Sartori P. and Neumann S. and Sourjik V. and Tu Y.},
	title={The energy-speed-accuracy tradeoff in sensory adaptation},
	journal={Nature physics},
	year={2012},
	volume={8},
	number={5},
	pages={422-428},
	doi={10.1038/nphys2276}
}

@article{neural_coding_perceived_rinberg,
	author={Sirotin, Yevgeniy, B. and Shusterman, Roman and Rinberg, Dmitry},
	title={Neural coding of perceived odor intensity},
	journal={eNeuro},
	volume={2},
	number={6},
	year={2015},
	pages={eNeuro.0083--15}
}

@article{primacy_coding,
	author={Wilson, Christopher D. and Serrano, Gabriela O. and Koulakov, Alexei A. and Rinberg, Dmitry},
	title={A primacy code for odor identity},
	journal={Nature Communications},
	volume={8},
	number={1},
	pages={1477},
	doi={10.1038/s41467-017-01432-},
	year={2017}
}

@article{information_inh_neurons,
	title={An information theoretic model of information processing in the \textit{{D}rosophila} olfactory system: the role of inhibitory neurons for system efficiency},
	author={Faghihi, Faramarz and Kolodziejski, Christoph and  Fiala, Andre and Worgotter, Florentin and Tetzlaff, Christian},
	journal={Frontiers in Computational Neuroscience},
	volume={7},
	pages={183},
	year={2013},
	doi={10.3389/fncom.2013.00183}
}

@article{local_interneurons_stopfer,
	title={Excitatory local interneurons enhance tuning of sensory
	information},
	author={Assisi, Collins and Stopfer, Mark and Bazhenov, Maxim},
	journal={PloS Computational Biology},
	volume={8},
	number={7},
	year={2012},
	pages={e1002563}
}

@article{multiple_timescales_stopfer,
	title={Insect olfactory coding and memory at multiple timescales},
	author={Gupta, Nitin and Stopfer, Mark},
	journal={Current Opinion in Neurobiology},
	volume={21},
	pages={768--773},
	year={2011}
}

article{coding_by_concentration,
	title={Odor Concentration Invariance by Chemical Ratio Coding},
	author={Uchida, Naoshige, & Mainen, Zachary F.},
	year={2007},
	journal={Frontiers in Systems Neuroscience},
	volume={1},
	pages={3}
}

@article{olfactory_coding_latency,
	title = "Olfactory Coding with Patterns of Response Latencies",
	journal = "Neuron",
	volume = "67",
	number = "5",
	pages = "872 - 884",
	year = "2010",
	issn = "0896-6273",
	doi = "https://doi.org/10.1016/j.neuron.2010.08.005",
	url = "http://www.sciencedirect.com/science/article/pii/S089662731000615X",
	author = "Stephan Junek and Eugen Kludt and Fred Wolf and Detlev Schild"
}

@article{neural_network_temporal_coding,
	author={Sanders, H. and Kolterman, Brian E. and Shusterman, Roman and Rinberg, Dmitry and Koulakov, Alexei and Lisman, John},
	title={A network that performs brute-force conversion of a temporal sequence to a spatial pattern: relevance to odor recognition},
	journal={Frontiers in Computational Neuroscience},
	volume={8},
	pages={108},
	year={2014}
}

@article{odor_coding_rate_verhagen,
	author={Wesson, D. W. and Carey, R. M. and Verhagen, J. V. and Wachowiak, M.},
	title={Rapid encoding and perception of novel odors in the rat}, 
	journal={PLoS Biology},
	volume={6}, 
	pages={e82},
	year={2008}
}

@article{dweck,
	title={Olfactory coding from the periphery to higher brain centers in the Drosophila brain},
	author={Seki, Yoichi and Dweck Hany K.M. and Rybak J. and Wicher, Dieter and Sachse, Silke and Hansson, Bill S.},
	journal={BMC Biology},
	volume={15},
	pages={56},
	year={2017}
}

@article{mammalian_olfaction,
	title = "Evolution of Insect Olfaction",
	journal = "Neuron",
	volume = "72",
	number = "5",
	pages = "698 - 711",
	year = "2011",
	issn = "0896-6273",
	doi = "https://doi.org/10.1016/j.neuron.2011.11.003",
	author = "Bill S. Hansson and Marcus C. Stensmyr"
}

@article{evolution_insect_olfaction,
	author={Andersson, Martin N. and LÃ¶fstedt, Christer and Newcomb, Richard D.},   
	title={Insect olfaction and the evolution of receptor tuning},      
	journal={Frontiers in Ecology and Evolution},      
	volume={3},      
	pages={53},     
	year={2015},      
	doi={10.3389/fevo.2015.00053}
}