%% This BibTeX bibliography file was created using BibDesk.
%% http://bibdesk.sourceforge.net/


%% Saved with string encoding Unicode (UTF-8) 



@article{Hill78a,
	Author = {Hill, A J},
	Journal = {Exp Neurol},
	Number = {2},
	Pages = {282--97},
	Title = {First occurrence of hippocampal spatial firing in a new environment},
	Volume = {62},
	Year = {1978}}

@book{OKeeNade78a,
	Address = {Oxford, UK},
	Author = {O'Keefe, John and Nadel, Lynn},
	Publisher = {Clarendon Press},
	Title = {The {H}ippocampus as a {C}ognitive {M}ap},
	Year = {1978}}

@incollection{SkagMcNa93a,
	Address = {San Mateo, CA},
	Author = {Skaggs, William E. and McNaughton, Bruce L. and Gothard, K and Markus, E},
	Booktitle = {Advances in neural information processing systems},
	Pages = {1030--7},
	Publisher = {Morgan Kaufman},
	Title = {An information theoretic approach to deciphering the hippocampal code},
	Volume = {5},
	Year = {1993}}
